@inproceedings{weihl1980,
  title={Interprocedural Data Flow Analysis in the Presence of Pointers, Procedure Variables, and Label Variables},
  author={Weihl, William E},
  booktitle={ACM-SIGACT Symposium on Principles of Programming Languages (POPL)},
  pages={83--94},
  year={1980}
}

@phdthesis{shivers1991,
  title={Control-Flow Analysis of Higher-Order Languages},
  author={Shivers, Olin},
  year={1991},
  school={Carnegie Mellon University}
}

@inproceedings{landi1992a,
  title={A Safe Approximate Algorithm for Interprocedural Aliasing},
  author={Landi, William and Ryder, Barbara G},
  booktitle={ACM-SIGPLAN Symposium on Programming Language Design and Implementation (PLDI)},
  pages={235--248},
  year={1992}
}

@article{landi1992b,
  title={Undecidability of Static Analysis},
  author={Landi, William},
  journal={ACM Letters on Programming Languages and Systems (LOPLAS)},
  volume={1},
  number={4},
  pages={323--337},
  year={1992}
}

@article{ramalingam1994,
  title={The Undecidability of Aliasing},
  author={Ramalingam, Ganesan},
  journal={ACM Transactions on Programming Languages and Systems (TOPLAS)},
  volume=16,
  number=5,
  pages={1467--1471},
  year=1994
}

@inproceedings{emami1994,
  title={Context-Sensitive Interprocedural Points-to Analysis in the Presence of Function Pointers},
  author={Emami, Maryam and Ghiya, Rakesh and Hendren, Laurie J},
  booktitle={ACM-SIGPLAN Symposium on Programming Language Design and Implementation (PLDI)},
  pages={242--256},
  year={1994}
}

@phdthesis{andersen1994,
  title={Program Analysis and Specialization for the C Programming Language},
  author={Andersen, Lars Ole},
  school={University of Copenhagen},
  year={1994}
}

@inproceedings{steensgaard1996,
  title={Points-to Analysis in Almost Linear Time},
  author={Steensgaard, Bjarne},
  booktitle={ACM-SIGACT Symposium on Principles of Programming Languages (POPL)},
  pages={32--41},
  year={1996}
}

@article{horwitz1997,
  title={Precise Flow-Insensitive May-Alias Analysis is NP-Hard},
  author={Horwitz, Susan},
  journal={ACM Transactions on Programming Languages and Systems (TOPLAS)},
  volume={19},
  number={1},
  pages={1--6},
  year={1997}
}

@article{reps1998,
  title={Program Analysis via Graph Reachability},
  author={Reps, Thomas},
  journal={Information \& Software Technology},
  volume={40},
  number={11-12},
  pages={701--726},
  year={1998}
}

@article{reps2000,
  title={Undecidability of Context-Sensitive Data-Dependence Analysis},
  author={Reps, Thomas},
  journal={ACM Transactions on Programming Languages and Systems (TOPLAS)},
  volume={22},
  number={1},
  pages={162--186},
  year={2000}
}

@inproceedings{rountev2000,
  title={Off-line Variable Substitution for Scaling Points-to Analysis},
  author={Rountev, Atanas and Chandra, Satish},
  booktitle={ACM-SIGPLAN Symposium on Programming Language Design and Implementation (PLDI)},
  pages={47--56},
  year={2000}
}

@inproceedings{cheng2000,
  title={Modular Interprocedural Pointer Analysis using Access Paths: Design, Implementation, and Evaluation},
  author={Cheng, Ben-Chung and Hwu, Wen-Mei W},
  booktitle={ACM-SIGPLAN Symposium on Programming Language Design and Implementation (PLDI)},
  pages={57--69},
  year={2000}
}

@inproceedings{hind2001,
  title={Pointer Analysis: Haven't We Solved This Problem Yet?},
  author={Hind, Michael},
  booktitle={Workshop on Program Analysis For Software Tools and Engineering (PASTE)},
  pages={54--61},
  year={2001}
}

@inproceedings{heintze2001a,
  title={Ultra-fast Aliasing Analysis using CLA: A Million Lines of C Code in a Second},
  author={Heintze, Nevin and Tardieu, Olivier},
  booktitle={ACM-SIGPLAN Symposium on Programming Language Design and Implementation (PLDI)},
  year={2001}
}

@inproceedings{heintze2001b,
  title={Demand-driven Pointer Analysis},
  author={Heintze, Nevin and Tardieu, Olivier},
  booktitle={ACM-SIGPLAN Symposium on Programming Language Design and Implementation (PLDI)},
  pages={24--34},
  year={2001}
}

@inproceedings{milanova2002,
  title={Parameterized Object Sensitivity for Points-to and Side-effect Analyses for Java},
  author={Milanova, Ana and Rountev, Atanas and Ryder, Barbara G},
  booktitle={International Symposium on Software Testing and Analysis (ISSTA)},
  pages={1--11},
  year={2002}
}

@inproceedings{guyer2003,
  title={Client-driven Pointer Analysis},
  author={Guyer, Samuel Z and Lin, Calvin},
  booktitle={International Static Analysis Symposium (SAS)},
  pages={214--236},
  year={2003}
}

@inproceedings{berndl2003,
  title={Points-to Analysis using BDDs},
  author={Berndl, Marc and Lhot{\'a}k, Ondrej and Qian, Feng and Hendren, Laurie and Umanee, Navindra},
  booktitle={ACM-SIGPLAN Symposium on Programming Language Design and Implementation (PLDI)},
  pages={103--114},
  year={2003}
}

@inproceedings{ryder2003,
  title={Dimensions of Precision in Reference Analysis of Object-Oriented Programming Languages},
  author={Ryder, Barbara G},
  booktitle={International Conference on Compiler Construction (CC)},
  pages={126--137},
  year={2003}
}

@inproceedings{whaley2004,
  title={Cloning-based Context-Sensitive Pointer Alias Analysis using Binary Decision Diagrams},
  author={Whaley, John and Lam, Monica S},
  booktitle={ACM-SIGPLAN Symposium on Programming Language Design and Implementation (PLDI)},
  pages={131--144},
  year={2004}
}

@inproceedings{whaley2005,
  title={Using Datalog with Binary Decision Diagrams for Program Analysis},
  author={Whaley, John and Avots, Dzintars and Carbin, Michael and Lam, Monica S},
  booktitle={Asian Symposium on Programming Languages and Systems (APLAS)},
  pages={97--118},
  year={2005}
}

@article{milanova2005,
  title={Parameterized Object Sensitivity for Points-to Analysis for Java},
  author={Milanova, Ana and Rountev, Atanas and Ryder, Barbara G},
  journal={ACM Transactions on Software Engineering and Methodology (TOSEM)},
  volume={14},
  number={1},
  pages={1--41},
  year={2005}
}

@inproceedings{sridharan2005,
  title={Demand-driven Points-to Analysis for Java},
  author={Sridharan, Manu and Gopan, Denis and Shan, Lexin and Bod{\'\i}k, Rastislav},
  booktitle={ACM SIGPLAN International Conference on Object-Oriented Programming Systems, Languages, and Applications (OOPSLA)},
  pages={59--76},
  year={2005}
}

@inproceedings{sridharan2006,
  title={Refinement-based Context-Sensitive Points-to Analysis for Java},
  author={Sridharan, Manu and Bod{\'\i}k, Rastislav},
  booktitle={ACM-SIGPLAN Symposium on Programming Language Design and Implementation (PLDI)},
  pages={387--400},
  year={2006}
}

@phdthesis{lhotak2006,
  title={Program Analysis using Binary Decision Diagrams},
  author={Lhot{\'a}k, Ond{\v{r}}ej},
  year={2006},
  school={McGill University}
}

@inproceedings{fu2007,
  title={Exception-chain Analysis: Revealing Exception Handling Architecture in Java Server Applications},
  author={Fu, Chen and Ryder, Barbara G},
  booktitle={International Conference on Software Engineering (ICSE)},
  pages={230--239},
  year={2007}
}

@inproceedings{hardekopf2007a,
  title={Exploiting Pointer and Location Equivalence to Optimize Pointer Analysis},
  author={Hardekopf, Ben and Lin, Calvin},
  booktitle={International Static Analysis Symposium (SAS)},
  pages={265--280},
  year={2007}
}

@inproceedings{hardekopf2007b,
  title={The Ant and the Grasshopper: Fast and Accurate Pointer Analysis for Millions of Lines of Code},
  author={Hardekopf, Ben and Lin, Calvin},
  booktitle={ACM-SIGPLAN Symposium on Programming Language Design and Implementation (PLDI)},
  pages={290--299},
  year={2007}
}

@article{lhotak2008,
  title={Evaluating the Benefits of Context-sensitive Points-to Analysis using a BDD-based Implementation},
  author={Lhot{\'a}k, Ond{\v{r}}ej and Hendren, Laurie},
  journal={ACM Transactions on Software Engineering and Methodology (TOSEM)},
  volume={18},
  number={1},
  pages={1--53},
  year={2008}
}

@inproceedings{xu2008,
  title={Merging Equivalent Contexts for Scalable Heap-cloning-based Context-Sensitive Points-to Analysis},
  author={Xu, Guoqing and Rountev, Atanas},
  booktitle={International Symposium on Software Testing and Analysis (ISSTA)},
  pages={225--236},
  year={2008}
}

@inproceedings{zheng2008,
  title={Demand-driven Alias Analysis for C},
  author={Zheng, Xin and Rugina, Radu},
  booktitle={ACM-SIGPLAN Symposium on Programming Language Design and Implementation (PLDI)},
  pages={197--208},
  year={2008}
}

@article{rinetzky2008,
  title={On the Complexity of Partially-Flow-Sensitive Alias Analysis},
  author={Rinetzky, Noam and Ramalingam, Ganesan and Sagiv, Mooly and Yahav, Eran},
  journal={ACM Transactions on Programming Languages and Systems (TOPLAS)},
  volume={30},
  number={3},
  pages={1--28},
  year={2008}
}

@inproceedings{bravenboer2009a,
  title={Strictly Declarative Specification of Sophisticated Points-to Analyses},
  author={Bravenboer, Martin and Smaragdakis, Yannis},
  booktitle={ACM SIGPLAN International Conference on Object-Oriented Programming Systems, Languages, and Applications (OOPSLA)},
  pages={243--262},
  year={2009}
}

@inproceedings{bravenboer2009b,
  title={Exception Analysis and Points-to Analysis: Better Together},
  author={Bravenboer, Martin and Smaragdakis, Yannis},
  booktitle={International Symposium on Software Testing and Analysis (ISSTA)},
  pages={1--12},
  year={2009}
}

@inproceedings{smaragdakis2011,
  title={Pick Your Contexts Well: Understanding Object-Sensitivity},
  author={Smaragdakis, Yannis and Bravenboer, Martin and Lhot{\'a}k, Ondrej},
  booktitle={ACM-SIGACT Symposium on Principles of Programming Languages (POPL)},
  pages={17--30},
  year={2011}
}

@inproceedings{nasre2012,
  title={Exploiting the Structure of the Constraint Graph for Efficient Points-to Analysis},
  author={Nasre, Rupesh},
  booktitle={International Symposium on Memory Management (ISMM)},
  pages={121--132},
  year={2012}
}

@inproceedings{smaragdakis2013,
  title={Set-based Pre-processing for Points-to Analysis},
  author={Smaragdakis, Yannis and Balatsouras, George and Kastrinis, George},
  booktitle={ACM SIGPLAN International Conference on Object-Oriented Programming Systems, Languages, and Applications (OOPSLA)},
  pages={253--270},
  year={2013}
}

@inproceedings{zhang2013,
  title={Fast Algorithms for Dyck-CFL-reachability with Applications to Alias Analysis},
  author={Zhang, Qirun and Lyu, Michael R and Yuan, Hao and Su, Zhendong},
  booktitle={ACM-SIGPLAN Symposium on Programming Language Design and Implementation (PLDI)},
  pages={435--446},
  year={2013}
}

@inproceedings{kastrinis2013a,
  title={Efficient and Effective Handling of Exceptions in Java Points-to Analysis},
  author={Kastrinis, George and Smaragdakis, Yannis},
  booktitle={International Conference on Compiler Construction (CC)},
  pages={41--60},
  year={2013}
}

@inproceedings{kastrinis2013b,
  title={Hybrid Context-sensitivity for Points-to Analysis},
  author={Kastrinis, George and Smaragdakis, Yannis},
  booktitle={ACM-SIGPLAN Symposium on Programming Language Design and Implementation (PLDI)},
  pages={423--434},
  year={2013}
}

@article{sridharan2013,
  title={Alias Analysis for Object-Oriented Programs},
  author={Sridharan, Manu and Chandra, Satish and Dolby, Julian and Fink, Stephen J and Yahav, Eran},
  journal={Lecture Notes in Computer Science},
  pages={196--232},
  year={2013}
}

@inproceedings{oh2014,
  title={Selective Context-Sensitivity Guided by Impact Pre-analysis},
  author={Oh, Hakjoo and Lee, Wonchan and Heo, Kihong and Yang, Hongseok and Yi, Kwangkeun},
  booktitle={ACM-SIGPLAN Symposium on Programming Language Design and Implementation (PLDI)},
  pages={475--484},
  year={2014}
}

@inproceedings{ye2014,
  title={Region-based Selective Flow-Sensitive Pointer Analysis},
  author={Ye, Sen and Sui, Yulei and Xue, Jingling},
  booktitle={International Static Analysis Symposium (SAS)},
  pages={319--336},
  year={2014}
}

@article{oh2015,
  title={Selective X-Sensitive Analysis Guided by Impact Pre-analysis},
  author={Oh, Hakjoo and Lee, Wonchan and Heo, Kihong and Yang, Hongseok and Yi, Kwangkeun},
  journal={ACM Transactions on Programming Languages and Systems (TOPLAS)},
  volume={38},
  number={2},
  pages={1--45},
  year={2015}
}

@inproceedings{feng2015,
  title={Bottom-up Context-Sensitive Pointer Analysis for Java},
  author={Feng, Yu and Wang, Xinyu and Dillig, Isil and Dillig, Thomas},
  booktitle={Asian Symposium on Programming Languages and Systems (APLAS)},
  pages={465--484},
  year={2015}
}

@article{smaragdakis2015,
  title={Pointer Analysis},
  author={Smaragdakis, Yannis and Balatsouras, George and others},
  journal={Foundations and Trends{\textregistered} in Programming Languages},
  volume={2},
  number={1},
  pages={1--69},
  year={2015}
}

@article{kanvar2016,
  title={Heap Abstractions for Static Analysis},
  author={Kanvar, Vini and Khedker, Uday P},
  journal={ACM Computing Surveys (CSUR)},
  volume={49},
  number={2},
  pages={1--47},
  year={2016}
}

@inproceedings{sui2016a,
  title={Sparse Flow-Sensitive Pointer Analysis for Multithreaded Programs},
  author={Sui, Yulei and Di, Peng and Xue, Jingling},
  booktitle={IEEE/ACM International Symposium on Code Generation and Optimization (CGO)},
  pages={160--170},
  year={2016}
}

@inproceedings{sui2016b,
  title={On-demand Strong Update Analysis via Value-flow Refinement},
  author={Sui, Yulei and Xue, Jingling},
  booktitle={ACM SIGSOFT Conference on the Foundations of Software Engineering (FSE)},
  pages={460--473},
  year={2016}
}

@inproceedings{balatsouras2016,
  title={Structure-Sensitive Points-to Analysis for C and C++},
  author={Balatsouras, George and Smaragdakis, Yannis},
  booktitle={International Static Analysis Symposium (SAS)},
  pages={84--104},
  year={2016}
}

@inproceedings{tan2016,
  title={Making k-Object-Sensitive Pointer Analysis More Precise with Still k-Limiting},
  author={Tan, Tian and Li, Yue and Xue, Jingling},
  booktitle={International Static Analysis Symposium (SAS)},
  pages={489--510},
  year={2016}
}

@inproceedings{tan2017,
  title={Efficient and Precise Points-to Analysis: Modeling the Heap by Merging Equivalent Automata},
  author={Tan, Tian and Li, Yue and Xue, Jingling},
  booktitle={ACM-SIGPLAN Symposium on Programming Language Design and Implementation (PLDI)},
  pages={278--291},
  year={2017}
}

@inproceedings{thiessen2017,
  title={Context Transformations for Pointer Analysis},
  author={Thiessen, Rei and Lhot{\'a}k, Ond{\v{r}}ej},
  booktitle={ACM-SIGPLAN Symposium on Programming Language Design and Implementation (PLDI)},
  pages={263--277},
  year={2017}
}

@inproceedings{hassanshahi2017,
  title={An Efficient Tunable Selective Points-to Analysis for Large Codebases},
  author={Hassanshahi, Behnaz and Ramesh, Raghavendra Kagalavadi and Krishnan, Padmanabhan and Scholz, Bernhard and Lu, Yi},
  booktitle={Proceedings of the 6th ACM SIGPLAN International Workshop on State of the Art in Program Analysis},
  pages={13--18},
  year={2017}
}

@inproceedings{jeong2017,
  title={Data-driven Context-Sensitivity for Points-to Analysis},
  author={Jeong, Sehun and Jeon, Minseok and Cha, Sungdeok and Oh, Hakjoo},
  booktitle={ACM SIGPLAN International Conference on Object-Oriented Programming Systems, Languages, and Applications (OOPSLA)},
  pages={1--28},
  year={2017}
}

@misc{wala2018,
  title={WALA: Watson Libraries for Analysis},
  author={{IBM T.J. Watson Research Center}},
  year={2018},
  url={http://wala.sf.net}
}

@inproceedings{li2018a,
  title={Precision-guided Context Sensitivity for Pointer Analysis},
  author={Li, Yue and Tan, Tian and M{\o}ller, Anders and Smaragdakis, Yannis},
  booktitle={ACM SIGPLAN International Conference on Object-Oriented Programming Systems, Languages, and Applications (OOPSLA)},
  pages={1--29},
  year={2018}
}

@inproceedings{li2018b,
  title={Scalability-first Pointer Analysis with Self-tuning Context-Sensitivity},
  author={Li, Yue and Tan, Tian and M{\o}ller, Anders and Smaragdakis, Yannis},
  booktitle={ACM SIGSOFT Conference on the Foundations of Software Engineering (FSE)},
  pages={129--140},
  year={2018}
}

@inproceedings{smaragdakis2018,
  title={Defensive Points-to Analysis: Effective Soundness via Laziness},
  author={Smaragdakis, Yannis and Kastrinis, George},
  booktitle={European Conference on Object-Oriented Programming (ECOOP)},
  year={2018}
}

@inproceedings{yan2018,
  title={Spatio-Temporal Context Reduction: A Pointer-Analysis-Based Static Approach for Detecting Use-After-Free Vulnerabilities},
  author={Yan, Hua and Sui, Yulei and Chen, Shiping and Xue, Jingling},
  booktitle={International Conference on Software Engineering (ICSE)},
  pages={327--337},
  year={2018}
}

@article{sui2018,
  title={Value-Flow-Based Demand-Driven Pointer Analysis for C and C++},
  author={Sui, Yulei and Xue, Jingling},
  journal={IEEE Transactions on Software Engineering (TSE)},
  volume={46},
  number={8},
  pages={812--835},
  year={2018}
}

@inproceedings{wang2019,
  title={{TsmartGP}: A Tool for Finding Memory Defects with Pointer Analysis},
  author={Wang, Yuexing and Chen, Guang and Zhou, Min and Gu, Ming and Sun, Jiaguang},
  booktitle={International Conference on Automated Software Engineering (ASE)},
  pages={1170--1173},
  year={2019}
}

@inproceedings{thakur2019,
  title={Compare Less, Defer More: Scaling Value-Contexts based Whole-Program Heap Analyses},
  author={Thakur, Manas and Nandivada, V Krishna},
  booktitle={International Conference on Compiler Construction (CC)},
  pages={135--146},
  year={2019}
}

@inproceedings{lu2019,
  title={Precision-preserving Yet Fast Object-Sensitive Pointer Analysis with Partial Context Sensitivity},
  author={Lu, Jingbo and Xue, Jingling},
  booktitle={ACM SIGPLAN International Conference on Object-Oriented Programming Systems, Languages, and Applications (OOPSLA)},
  pages={1--29},
  year={2019}
}

@inproceedings{thakur2020,
  title={Mix Your Contexts Well: Opportunities Unleashed by Recent Advances in Scaling Context-Sensitivity},
  author={Thakur, Manas and Nandivada, V Krishna},
  booktitle={International Conference on Compiler Construction (CC)},
  pages={27--38},
  year={2020}
}

@inproceedings{fegade2020,
  title={Scalable Pointer Analysis of Data Structures Using Semantic Models},
  author={Fegade, Pratik and Wimmer, Christian},
  booktitle={International Conference on Compiler Construction (CC)},
  pages={39--50},
  year=2020
}

@article{li2020,
  title={A Principled Approach to Selective Context Sensitivity for Pointer Analysis},
  author={Li, Yue and Tan, Tian and M{\o}ller, Anders and Smaragdakis, Yannis},
  journal={ACM Transactions on Programming Languages and Systems (TOPLAS)},
  volume={42},
  number={2},
  pages={1--40},
  year={2020}
}

@inproceedings{jeon2020,
  title={Learning Graph-based Heuristics for Pointer Analysis without Handcrafting Application-specific Features},
  author={Jeon, Minseok and Lee, Myungho and Oh, Hakjoo},
  booktitle={ACM SIGPLAN International Conference on Object-Oriented Programming Systems, Languages, and Applications (OOPSLA)},
  pages={1--30},
  year={2020}
}

@inproceedings{tan2021,
  title={Making Pointer Analysis More Precise by Unleashing The Power of Selective Context Sensitivity},
  author={Tan, Tian and Li, Yue and Ma, Xiaoxing and Xu, Chang and Smaragdakis, Yannis},
  booktitle={ACM SIGPLAN International Conference on Object-Oriented Programming Systems, Languages, and Applications (OOPSLA)},
  pages={1--27},
  year={2021}
}

@inproceedings{lu2021a,
  title={Selective Context-Sensitivity for k-CFA with CFL-reachability},
  author={Lu, Jingbo and He, Dongjie and Xue, Jingling},
  booktitle={International Static Analysis Symposium (SAS)},
  pages={261--285},
  year={2021}
}

@article{lu2021b,
  title={Eagle: CFL-reachability-based Precision-Preserving Acceleration of Object-Sensitive Pointer Analysis with Partial Context Sensitivity},
  author={Lu, Jingbo and He, Dongjie and Xue, Jingling},
  journal={ACM Transactions on Software Engineering and Methodology (TOSEM)},
  volume={30},
  number={4},
  pages={1--46},
  year={2021}
}

@inproceedings{li2022,
  title={Generic Sensitivity: Customizing Context-Sensitive Pointer Analysis for Generics},
  author={Li, Haofeng and Lu, Jie and Meng, Haining and Cao, Liqing and Huang, Yongheng and Li, Lian and Gao, Lin},
  booktitle={European Conference on Object-Oriented Programming (ECOOP)},
  pages={1110--1121},
  year={2022}
}

@inproceedings{he2022,
  title={Qilin: A New Framework For Supporting Fine-Grained Context-Sensitivity in Java Pointer Analysis},
  author={He, Dongjie and Lu, Jingbo and Xue, Jingling},
  booktitle={European Conference on Object-Oriented Programming (ECOOP)},
  year={2022}
}