@inproceedings{weihl1980,
  title={Interprocedural Data Flow Analysis in the Presence of Pointers, Procedure Variables, and Label Variables},
  author={Weihl, William E},
  booktitle={ACM-SIGACT Symposium on Principles of Programming Languages (POPL)},
  pages={83--94},
  year={1980}
}

@phdthesis{shivers1991,
  title={Control-Flow Analysis of Higher-Order Languages},
  author={Shivers, Olin},
  year={1991},
  school={Carnegie Mellon University}
}

@inproceedings{landi1992a,
  title={A Safe Approximate Algorithm for Interprocedural Aliasing},
  author={Landi, William and Ryder, Barbara G},
  booktitle={ACM-SIGPLAN Symposium on Programming Language Design and Implementation (PLDI)},
  pages={235--248},
  year={1992}
}

@article{landi1992b,
  title={Undecidability of Static Analysis},
  author={Landi, William},
  journal={ACM Letters on Programming Languages and Systems (LOPLAS)},
  volume={1},
  number={4},
  pages={323--337},
  year={1992}
}

@article{ramalingam1994,
  title={The Undecidability of Aliasing},
  author={Ramalingam, Ganesan},
  journal={ACM Transactions on Programming Languages and Systems (TOPLAS)},
  volume=16,
  number=5,
  pages={1467--1471},
  year=1994
}

@inproceedings{emami1994,
  title={Context-Sensitive Interprocedural Points-to Analysis in the Presence of Function Pointers},
  author={Emami, Maryam and Ghiya, Rakesh and Hendren, Laurie J},
  booktitle={ACM-SIGPLAN Symposium on Programming Language Design and Implementation (PLDI)},
  pages={242--256},
  year={1994}
}

@phdthesis{andersen1994,
  title={Program Analysis and Specialization for the C Programming Language},
  author={Andersen, Lars Ole},
  school={University of Copenhagen},
  year={1994}
}

@inproceedings{steensgaard1996,
  title={Points-to Analysis in Almost Linear Time},
  author={Steensgaard, Bjarne},
  booktitle={ACM-SIGACT Symposium on Principles of Programming Languages (POPL)},
  pages={32--41},
  year={1996}
}

@article{horwitz1997,
  title={Precise Flow-Insensitive May-Alias Analysis is NP-Hard},
  author={Horwitz, Susan},
  journal={ACM Transactions on Programming Languages and Systems (TOPLAS)},
  volume={19},
  number={1},
  pages={1--6},
  year={1997}
}

@article{reps1998,
  title={Program Analysis via Graph Reachability},
  author={Reps, Thomas},
  journal={Information \& Software Technology},
  volume={40},
  number={11-12},
  pages={701--726},
  year={1998}
}

@article{reps2000,
  title={Undecidability of Context-Sensitive Data-Dependence Analysis},
  author={Reps, Thomas},
  journal={ACM Transactions on Programming Languages and Systems (TOPLAS)},
  volume={22},
  number={1},
  pages={162--186},
  year={2000}
}

@inproceedings{rountev2000,
  title={Off-line Variable Substitution for Scaling Points-to Analysis},
  author={Rountev, Atanas and Chandra, Satish},
  booktitle={ACM-SIGPLAN Symposium on Programming Language Design and Implementation (PLDI)},
  pages={47--56},
  year={2000}
}

@inproceedings{cheng2000,
  title={Modular Interprocedural Pointer Analysis using Access Paths: Design, Implementation, and Evaluation},
  author={Cheng, Ben-Chung and Hwu, Wen-Mei W},
  booktitle={ACM-SIGPLAN Symposium on Programming Language Design and Implementation (PLDI)},
  pages={57--69},
  year={2000}
}

@inproceedings{heintze2001a,
  title={Ultra-fast Aliasing Analysis using CLA: A Million Lines of C Code in a Second},
  author={Heintze, Nevin and Tardieu, Olivier},
  booktitle={ACM-SIGPLAN Symposium on Programming Language Design and Implementation (PLDI)},
  year={2001}
}

@inproceedings{heintze2001b,
  title={Demand-driven Pointer Analysis},
  author={Heintze, Nevin and Tardieu, Olivier},
  booktitle={ACM-SIGPLAN Symposium on Programming Language Design and Implementation (PLDI)},
  pages={24--34},
  year={2001}
}

@inproceedings{milanova2002,
  title={Parameterized Object Sensitivity for Points-to and Side-effect Analyses for Java},
  author={Milanova, Ana and Rountev, Atanas and Ryder, Barbara G},
  booktitle={International Symposium on Software Testing and Analysis (ISSTA)},
  pages={1--11},
  year={2002}
}

@inproceedings{guyer2003,
  title={Client-driven Pointer Analysis},
  author={Guyer, Samuel Z and Lin, Calvin},
  booktitle={International Static Analysis Symposium (SAS)},
  pages={214--236},
  year={2003}
}

@inproceedings{berndl2003,
  title={Points-to Analysis using BDDs},
  author={Berndl, Marc and Lhot{\'a}k, Ondrej and Qian, Feng and Hendren, Laurie and Umanee, Navindra},
  booktitle={ACM-SIGPLAN Symposium on Programming Language Design and Implementation (PLDI)},
  pages={103--114},
  year={2003}
}

@inproceedings{whaley2004,
  title={Cloning-based Context-sensitive Pointer Alias Analysis using Binary Decision Diagrams},
  author={Whaley, John and Lam, Monica S},
  booktitle={ACM-SIGPLAN Symposium on Programming Language Design and Implementation (PLDI)},
  pages={131--144},
  year={2004}
}

@inproceedings{whaley2005,
  title={Using Datalog with Binary Decision Diagrams for Program Analysis},
  author={Whaley, John and Avots, Dzintars and Carbin, Michael and Lam, Monica S},
  booktitle={Asian Symposium on Programming Languages and Systems (APLAS)},
  pages={97--118},
  year={2005}
}

@article{milanova2005,
  title={Parameterized Object Sensitivity for Points-to Analysis for Java},
  author={Milanova, Ana and Rountev, Atanas and Ryder, Barbara G},
  journal={ACM Transactions on Software Engineering and Methodology (TOSEM)},
  volume={14},
  number={1},
  pages={1--41},
  year={2005}
}

@inproceedings{sridharan2005,
  title={Demand-driven Points-to Analysis for Java},
  author={Sridharan, Manu and Gopan, Denis and Shan, Lexin and Bod{\'\i}k, Rastislav},
  booktitle={ACM SIGPLAN International Conference on Object-Oriented Programming Systems, Languages, and Applications (OOPSLA)},
  pages={59--76},
  year={2005}
}

@inproceedings{sridharan2006,
  title={Refinement-based Context-sensitive Points-to Analysis for Java},
  author={Sridharan, Manu and Bod{\'\i}k, Rastislav},
  booktitle={ACM-SIGPLAN Symposium on Programming Language Design and Implementation (PLDI)},
  pages={387--400},
  year={2006}
}

@phdthesis{lhotdk2006,
  title={Program Analysis using Binary Decision Diagrams},
  author={Lhot{\'a}k, Ond{\v{r}}ej},
  year={2006},
  school={McGill University}
}